<?xml version="1.0" encoding="UTF-8"?><record xmlns="http://www.loc.gov/MARC21/slim" xmlns:cinclude="http://apache.org/cocoon/include/1.0" xmlns:zs="http://www.loc.gov/zing/srw/">
  <leader>00446nz  a2200121n  4500</leader>
  <controlfield tag="001">n  93053435 </controlfield>
  <controlfield tag="003">DLC</controlfield>
  <controlfield tag="005">19930607140222.3</controlfield>
  <controlfield tag="008">930607n| acannaab|          |n ana |||  </controlfield>
  <datafield tag="010" ind1=" " ind2=" ">
    <subfield code="a">n  93053435 </subfield>
  </datafield>
  <datafield tag="040" ind1=" " ind2=" ">
    <subfield code="a">DLC</subfield>
    <subfield code="c">DLC</subfield>
  </datafield>
  <datafield tag="110" ind1="2" ind2="0">
    <subfield code="a">American Commission for Study of Agriculture in Europe</subfield>
  </datafield>
  <datafield tag="670" ind1=" " ind2=" ">
    <subfield code="a">NUCMC data from Western Reserve Historical Society for Johnson, L.W. Papers, 1879-1970</subfield>
    <subfield code="b">(American Commission for Study of Agriculture in Europe; org. 1913)</subfield>
  </datafield>
</record>